@article{baltruvsaitis2018multimodal,
  title={Multimodal machine learning: A survey and taxonomy},
  author={Baltru{\v{s}}aitis, Tadas and Ahuja, Chaitanya and Morency, Louis-Philippe},
  journal={IEEE transactions on pattern analysis and machine intelligence},
  volume={41},
  number={2},
  pages={423--443},
  year={2018},
  publisher={IEEE}
}

@article{ramachandram2017deep,
  title={Deep multimodal learning: A survey on recent advances and trends},
  author={Ramachandram, Dhanesh and Taylor, Graham W},
  journal={IEEE Signal Processing Magazine},
  volume={34},
  number={6},
  pages={96--108},
  year={2017},
  publisher={IEEE}
}

@article{atrey2010multimodal,
  title={Multimodal fusion for multimedia analysis: a survey},
  author={Atrey, Pradeep K and Hossain, M Anwar and El Saddik, Abdulmotaleb and Kankanhalli, Mohan S},
  journal={Multimedia systems},
  volume={16},
  number={6},
  pages={345--379},
  year={2010},
  publisher={Springer}
}

@article{pawlowski2023effective,
  title={Effective Techniques for Multimodal Data Fusion: A Comparative Analysis},
  author={Pawłowski, Maciej and Wróblewska, Anna and Sysko-Romańczuk, Sylwia},
  journal={Sensors},
  volume={23},
  number={5},
  pages={2381},
  year={2023},
  publisher={MDPI}
}

@article{elatief2024multimodality,
  title={Multimodality Fusion Strategies in Eye Disease Diagnosis},
  author={El-Ateif, Sara and Idri, Ali},
  journal={Journal of Imaging Informatics in Medicine},
  volume={37},
  number={5},
  pages={2524--2558},
  year={2024},
  publisher={Springer}
}

@article{zhang2025multimodal,
  title={Multimodal integration using a machine learning approach facilitates risk stratification in HR+/HER2- breast cancer},
  author={Zhang, Hang and Yang, Fan and Xu, Ying and Zhao, Shen and Jiang, Yi-Zhou and Shao, Zhi-Ming and Xiao, Yi},
  journal={Cell Reports Medicine},
  volume={6},
  number={2},
  pages={101924},
  year={2025},
  publisher={Elsevier}
}

@article{efron1979bootstrap,
  title={Bootstrap methods: another look at the jackknife},
  author={Efron, Bradley},
  journal={The annals of Statistics},
  volume={7},
  number={1},
  pages={1--26},
  year={1979},
  publisher={Institute of Mathematical Statistics}
}

@inproceedings{lin2014microsoft,
  title={Microsoft coco: Common objects in context},
  author={Lin, Tsung-Yi and Maire, Michael and Belongie, Serge and Hays, James and Perona, Pietro and Ramanan, Deva and Dollár, Piotr and Zitnick, C Lawrence},
  booktitle={Computer Vision--ECCV 2014: 13th European Conference, Zurich, Switzerland, September 6-12, 2014, Proceedings, Part V 13},
  pages={740--755},
  year={2014},
  organization={Springer}
}

@inproceedings{he2016deep,
  title={Deep residual learning for image recognition},
  author={He, Kaiming and Zhang, Xiangyu and Ren, Shaoqing and Sun, Jian},
  booktitle={Proceedings of the IEEE conference on computer vision and pattern recognition},
  pages={770--778},
  year={2016}
} 